@phdthesis{goet,
  title={On the Realization and Classification of Justification Logics},
  author={Goetschi, Remo and von Galmiz, FR and J{\"a}ger, G},
  year={2012},
  school={PhD thesis, Universit{\"a}t Bern}
}


@incollection{art,
  title={Justification logic},
  author={Artemov, Sergei},
  booktitle={Logics in Artificial Intelligence},
  pages={1--4},
  year={2008},
  publisher={Springer}
}


@InCollection{stan,
    author       =  {Artemov, Sergei and Fitting, Melvin},
    title        =  {Justification Logic},
    booktitle    =  {The Stanford Encyclopedia of Philosophy},
    editor       =  {Edward N. Zalta},
    howpublished =  {\url{http://plato.stanford.edu/archives/fall2012/entries/logic-justification/}},
    year         =  {2012},
    edition      =  {Fall 2012},
}
 
@book{jaeg,
    author    = "J{\"a}ger, Gerhard",
    title     = "Discrete Mathematics and Logic",
    year      = "2011",
    publisher = "Universit{\"a}t Bern",
}
 
@incollection{z3,
  title={Z3: An efficient SMT solver},
  author={De Moura, Leonardo and Bj{\o}rner, Nikolaj},
  booktitle={Tools and Algorithms for the Construction and Analysis of Systems},
  pages={337--340},
  year={2008},
  publisher={Springer}
}
